@ONLINE {thebnbindustry,
  title = {The B\&B Industry},
  url = {http://www.innkeeping.org/?The_Industry},
  author = {Professional Association of Innkeepers International},
}

@ARTICLE {Boehm1988,
  author = {B Boehm},
  title  = {A Spiral Model of Software Development and Enhancement},
  year = {1988}
}
 
 @BOOK {Brooks1975,
  author = {F Brooks},
  title = {The Mythical Man-Month},
  publisher = {Addison-Wesley},
  year = {1975}
}

@ONLINE {Fowler2006,
  author       = {M Fowler},
  title        = {GUI Architectures},
  year         = {2006},
  url          = {https://martinfowler.com/eaaDev/uiArchs.html},
}

@BOOK {Hamilton2006,
  author       = {Miles, Russ and Hamilton, Kim},
  title        = {Learning UML 2.0},
  year         = {2006},
  publisher    = {OReilly},
}

@BOOK {George2017,
  author       = {JS Valacich and JF George},
  title        = {Modern Systems Analysis and Design},
  year         = {2017},
  publisher    = {Pearson},
}

@ONLINE {Cockburn1998,
  author       = {A Cockburn},
  title        = {Basic use case template},
  year         = {1998},
  url          = {https://http://alistair.cockburn.us/Basic+use+case+template},
}

@ONLINE {Blain2007,
  author       = {T Blain},
  title        = {How To Write Use Case Preconditions and Triggers},
  year         = {2007},
  url          = {https://tynerblain.com/blog/2007/03/08/use-case-preconditions-and-triggers/},
}

@ONLINE {TemplateLab,
  author       = {TemplateLab},
  title        = {40 Use Case Templates \& Examples},
  url          = {https://http://templatelab.com/use-case-templates/},
}

@BOOK {GangOfFour1994,
  author       = {Gamma, Erich and Helm, Richard and Johnson, Ralph E. and Vlissides, John},
  title        = {Design patterns: elements of reusable object-oriented software},
  year         = {1994},
  publisher    = {Pearson},
}

@BOOK {UML2017,
  author       = {Object. Management Group Inc.},
  title        = {OMG Unified Modeling Language Specification Version 2.5.1.},
  year         = {2017},
  publisher    = {OMG},
}

@BOOK {UMLReference2004,
  author       = {James Rumbaugh, Ivar Jacobsen and Grady Booch},
  title        = {The Unified Modeling Language Reference Manual Second Edition},
  year         = {2004},
  publisher    = {Addison-Wesley},
}

@ONLINE {Hibernate,
  author       = { Red Hat Inc.},
  title        = {What is Object/Relational Mapping?},
  url          = {http://hibernate.org/orm/what-is-an-orm/},
}

